% Bare bones book entry
@book{sample,
  title={There and Back Again},
  author={Bilbo Baggins},
  year={T.A. 3001},
  publisher={Self}
}